@article{liben-nowell2007the,
	title="The link-prediction problem for social networks",
	author="David {Liben-Nowell} and Jon {Kleinberg}",
	journal="Journal of the Association for Information Science and Technology",
	volume="58",
	number="7",
	pages="1019--1031",
	notes="Sourced from Microsoft Academic - https://academic.microsoft.com/paper/2148847267",
	year="2007"
}

@inproceedings{leskovec2010predicting,
	title="Predicting positive and negative links in online social networks",
	author="Jure {Leskovec} and Daniel {Huttenlocher} and Jon {Kleinberg}",
	booktitle="Proceedings of the 19th international conference on World wide web",
	pages="641--650",
	notes="Sourced from Microsoft Academic - https://academic.microsoft.com/paper/2073415627",
	year="2010"
}

@inproceedings{burke2008mopping,
	title="Mopping up: modeling wikipedia promotion decisions",
	author="Moira {Burke} and Robert {Kraut}",
	booktitle="Proceedings of the 2008 ACM conference on Computer supported cooperative work",
	pages="27--36",
	notes="Sourced from Microsoft Academic - https://academic.microsoft.com/paper/2169495811",
	year="2008"
}

@inproceedings{leskovec2010governance,
	title="Governance in Social Media: A Case Study of the Wikipedia Promotion Process",
	author="Jure {Leskovec} and Daniel P. {Huttenlocher} and Jon M. {Kleinberg}",
	booktitle="Fourth International AAAI Conference on Weblogs and Social Media",
	notes="Sourced from Microsoft Academic - https://academic.microsoft.com/paper/2117134415",
	year="2010"
}

@inproceedings{chiang2011exploiting,
	title="Exploiting longer cycles for link prediction in signed networks",
	author="Kai-Yang {Chiang} and Nagarajan {Natarajan} and Ambuj {Tewari} and Inderjit S. {Dhillon}",
	booktitle="Proceedings of the 20th ACM international conference on Information and knowledge management",
	pages="1157--1162",
	notes="Sourced from Microsoft Academic - https://academic.microsoft.com/paper/1964537599",
	year="2011"
}

@article{kearns2009behavioral,
	title="Behavioral experiments on biased voting in networks",
	author="Michael J. {Kearns} and J. Stephen {Judd} and Jinsong {Tan} and Jennifer {Wortman}",
	journal="Proceedings of the National Academy of Sciences of the United States of America",
	volume="106",
	number="5",
	pages="1347--1352",
	notes="Sourced from Microsoft Academic - https://academic.microsoft.com/paper/2056204623",
	year="2009"
}

@inproceedings{zou2015strategicDoodle,
	title="Strategic Voting Behavior in Doodle Polls",
	author="James {Zou} and Reshef {Meir} and David {Parkes}",
	booktitle="Proceedings of the 18th ACM Conference on Computer Supported Cooperative Work \& Social Computing",
	pages="464--472",
	notes="Sourced from Microsoft Academic - https://academic.microsoft.com/paper/2086085600",
	year="2015"
}

@article{tal2015a,
	title="A Study of Human Behavior in Online Voting",
	author="Maor {Tal} and Reshef {Meir} and Ya'akov (Kobi) {Gal}",
	journal="adaptive agents and multi-agents systems",
	pages="665--673",
	notes="Sourced from Microsoft Academic - https://academic.microsoft.com/paper/2245193660",
	year="2015"
}

@inproceedings{karimi2019multicongress,
	title="Multi-factor congressional vote prediction.",
	author="Hamid {Karimi} and Tyler {Derr} and Aaron {Brookhouse} and Jiliang {Tang}",
	booktitle="Proceedings of the 2019 IEEE/ACM International Conference on Advances in Social Networks Analysis and Mining",
	pages="266--273",
	notes="Sourced from Microsoft Academic - https://academic.microsoft.com/paper/2998900136",
	year="2019"
}

@article{cartwright1956structural,
	title="Structural balance: a generalization of Heider's theory.",
	author="Dorwin {Cartwright} and Frank {Harary}",
	journal="Psychological Review",
	volume="63",
	number="5",
	pages="277--293",
	notes="Sourced from Microsoft Academic - https://academic.microsoft.com/paper/2114051435",
	year="1956"
}

@article{jankowski-lorek2013MBSN,
	title="Modeling Wikipedia admin elections using multidimensional behavioral social networks",
	author="Michal {Jankowski-Lorek} and Lukasz {Ostrowski} and Piotr {Turek} and Adam {Wierzbicki}",
	journal="Social Network Analysis and Mining",
	volume="3",
	number="4",
	pages="787--801",
	notes="Sourced from Microsoft Academic - https://academic.microsoft.com/paper/1987236004",
	year="2013"
}

@inproceedings{cabunducan2011voting,
	title="Voting Behavior Analysis in the Election of Wikipedia Admins",
	author="Gerard {Cabunducan} and Ralph {Castillo} and John Boaz {Lee}",
	booktitle="2011 International Conference on Advances in Social Networks Analysis and Mining",
	pages="545--547",
	notes="Sourced from Microsoft Academic - https://academic.microsoft.com/paper/2154945532",
	year="2011"
}

@article{lee2012uncovering,
	title="Uncovering the Social Dynamics of Online Elections",
	author="John Boaz {Lee} and Gerard {Cabunducan} and Francis George {Cabarle} and Raphael {Castillo} and Jasmine A. {Malinao}",
	journal="Journal of Universal Computer Science",
	volume="18",
	pages="487--505",
	notes="Sourced from Microsoft Academic - https://academic.microsoft.com/paper/2295228536",
	year="2012"
}

